@article{ashton2009internet,
	title={That "internet of things" thing},
	author={Ashton, Kevin},
	journal={RFiD Journal},
	volume={22},
	number={7},
	pages={97--114},
	year={2009}
}

@inproceedings{baccelli2013riot,
	title={RIOT OS: Towards an OS for the Internet of Things},
	author={Baccelli, Emmanuel and Hahm, Oliver and Gunes, Mesut and Wahlisch, Matthias and Schmidt, Thomas C},
	booktitle={Computer Communications Workshops (INFOCOM WKSHPS), 2013 IEEE Conference on},
	pages={79--80},
	year={2013},
	organization={IEEE}
}

@inproceedings{chou2001empirical,
	title={An empirical study of operating systems errors},
	author={Chou, Andy and Yang, Junfeng and Chelf, Benjamin and Hallem, Seth and Engler, Dawson},
	booktitle={ACM SIGOPS Operating Systems Review},
	volume={35},
	number={5},
	pages={73--88},
	year={2001},
	organization={ACM}
}

@article{swift2005improving,
	title={Improving the reliability of commodity operating systems},
	author={Swift, Michael M and Bershad, Brian N and Levy, Henry M},
	journal={ACM Transactions on Computer Systems (TOCS)},
	volume={23},
	number={1},
	pages={77--110},
	year={2005},
	publisher={ACM}
}

@article{heiser2005secure,
	title={Secure embedded systems need microkernels},
	author={Heiser, Gernot},
	journal={USENIX; login},
	volume={30},
	number={6},
	pages={9--13},
	year={2005}
}

@inproceedings{elphinstone2013l3,
	title={From L3 to seL4 what have we learnt in 20 years of L4 microkernels?},
	author={Elphinstone, Kevin and Heiser, Gernot},
	booktitle={Proceedings of the Twenty-Fourth ACM Symposium on Operating Systems Principles},
	pages={133--150},
	year={2013},
	organization={ACM}
}

@misc{schaenzle2013,
	title={Bit-banding - An Elegant Approach to Setting and Clearing Bits},url={https://spin.atomicobject.com/2013/02/08/bit-banding/},
	journal={Atomic Object},
	author={Schaenzle, Jordan},
	year={2013}
}

@misc{arm2012v7,
	title={ARMv7-M Architecture Reference Manual},
	author={{ARM Holdings pic.}},
	pages={60--61},
	year={2013}
}

@misc{st2016managing,
	title = {Managing memory protection unit (MPU) in STM32 MCUs.},
	author = {{STMicroelectronics}},
	journal={AN4838 Application note},
	year= {2016},
	url = {http://www.st.com/resource/en/application\_note/dm00272912.pdf}
}

@misc{st2016manual,
	title = {STM32F3,STM32F4 and STM32L4 Series Cortex-M4 programming manual},
	author = {{STMicroelectronics}},
	journal={PM0214 Programming manual},
	year= {2016},
	url = {http://www.st.com/resource/en/programming_manual/dm00046982.pdf}
}

@misc{fiasco, title={The Fiasco microkernel - Overview}, author={{FI-asco.OC}}, url={https://os.inf.tu-dresden.de/fiasco}, journal={The Fiasco microkernel - Overview}}

@misc{freertos1, title={Low Power RTOS For Cortex-M MCUs Saving power on Cortex-M microcontrollers}, url={http://www.freertos.org/low-power-cortex-rtos.html}, journal={Tickless Low power features in FreeRTOS}, author={FreeRTOS}}

@misc{freertos2, title={Low Power Support Tickless Idle Mode}, url={http://www.freertos.org/low-power-tickless-rtos.html}, journal={Tickless Low power features in FreeRTOS}, author={{FreeRTOS}}}

@article{liedtke1993improving,
	title={Improving IPC by kernel design},
	author={Liedtke, Jochen},
	journal={ACM SIGOPS Operating Systems Review},
	volume={27},
	number={5},
	pages={175--188},
	year={1993},
	publisher={ACM}
}

@inproceedings{liedtke1995u,
	title={On u-kernel construction},
	author={Liedtke, Jochen},
	booktitle={Proceedings of 15th ACM Symposium on Operating System Principles},
	year={1995}
}


@book{arpaci2015operating,
	title={Operating systems: Three easy pieces},
	author={Arpaci-Dusseau, Remzi H and Arpaci-Dusseau, Andrea C},
	year={2015},
	publisher={Arpaci-Dusseau}
}

@article{nourai2005aphysically,
	title={A Physically-ADDRESSED L4 KERNEL},
	author={Nourai, Abi},
	year={2005},
	publisher={Citeseer}
}

@article{ruocco2008real,
	title={A real-time programmer's tour of general-purpose L4 microkernels},
	author={Ruocco, Sergio},
	journal={EURASIP Journal on Embedded Systems},
	volume={2008},
	pages={11},
	year={2008},
	publisher={Hindawi Publishing Corp.}
}

@article{dannowski2011l4,
	title={L4 experimental kernel reference manual},
	author={Dannowski, Uwe and LeVasseur, Joshua and Skoglund, Espen and Uhlig, Volkmar},
	journal={Version X},
	volume={2},
	year={2011}
}

@book{yiu2013definitive,
	title={The Definitive Guide to ARM{\textregistered} Cortex{\textregistered}-M3 and Cortex{\textregistered}-M4 Processors},
	author={Yiu, Joseph},
	year={2013},
	publisher={Newnes}
}

@article{bentley1993engineering,
	title={Engineering a sort function},
	author={Bentley, Jon L and McIlroy, M Douglas},
	journal={Software: Practice and Experience},
	volume={23},
	number={11},
	pages={1249--1265},
	year={1993},
	publisher={Wiley Online Library}
}

@unpublished{heiser2012,
	title={COMP9242 Advanced Operating Systems S2/2012 Week 5: Microkernel Design},
	author={Heiser, Gernot},
	Institution = {UNSW},
	Howpublished = {University Lecture},
	Year = {2012},
	url = {http://www.cse.unsw.edu.au/~cs9242/12/lectures/05-ukinternals.pdf}
}


@misc{arm2016mpu, title={ARM Information Center - Cortex-M4 Technical Reference Manual 5.1. Memory Protection Unit}, author={{ARM Holdings pic.}}, url={http://infocenter.arm.com/help/index.jsp?topic=/com.arm.doc.ddi0439b/BIHJJABA.html}}

@misc{arm2016svc, title={ARM Information Center - 2.7. Supervisor Calls (SVC)}, author={{ARM Holdings pic.}}, url={http://infocenter.arm.com/help/index.jsp?topic=/com.arm.doc.dai0179b/ar01s02s07.html}}


@unpublished{usna2015l18,
	title={EC361: Microcomputer-Based Design L18 Memory Protection Unit},
	Institution = {USNA},
	Howpublished = {University Lecture},
	Year = {2015},
	url = {https://www.usna.edu/ECE/ec361/Notes/Lesson\_18-MPU\_student.pdf}
}

@misc{ncku2015, title = {F9-microkernel}, author={{Liaw, Jeff, et al}}, url={http://wiki.csie.ncku.edu.tw/embedded/f9-kernel}}

@misc{felker, title={musl libc}, url={https://www.musl-libc.org/}, journal={musl libc}, author={Felker, Rich}}

@phdthesis{volp2002design,
	title={Design and implementation of the recursive virtual address space model for small scale multiprocessor systems},
	author={V{\"o}lp, Marcus},
	year={2002},
	school={Master's thesis, University of Karlsruhe, http://i30www. ira. uka. de/teaching/theses/pastthesis}
}

